<record><leader>00000cas a22000007a 4500</leader><controlfield tag="001">24451513</controlfield><controlfield tag="008">910925c197u9999nhuwr ne      0    0eng d</controlfield><datafield ind1=" " ind2=" " tag="010"><subfield code="a">sn 91063235 </subfield></datafield><datafield ind1=" " ind2=" " tag="040"><subfield code="a">NVH</subfield><subfield code="b">eng</subfield><subfield code="c">NVH</subfield><subfield code="d">OCLCQ</subfield></datafield><datafield ind1=" " ind2=" " tag="042"><subfield code="a">msc</subfield></datafield><datafield ind1="0" ind2=" " tag="130"><subfield code="a">Irregular (North Conway, N.H.)</subfield></datafield><datafield ind1="1" ind2="4" tag="245"><subfield code="a">The Irregular.</subfield></datafield><datafield ind1=" " ind2=" " tag="260"><subfield code="a">North Conway, N.H. :</subfield><subfield code="b">James Newspapers</subfield></datafield><datafield ind1=" " ind2=" " tag="300"><subfield code="a">v.</subfield></datafield><datafield ind1=" " ind2=" " tag="310"><subfield code="a">Weekly</subfield></datafield><datafield ind1=" " ind2=" " tag="588"><subfield code="a">Description based on: Vol. 10, no. 42 (Oct. 20, 1982).</subfield></datafield><datafield ind1=" " ind2=" " tag="752"><subfield code="a">United States</subfield><subfield code="b">New Hampshire</subfield><subfield code="c">Carroll</subfield><subfield code="d">North Conway.</subfield></datafield><datafield ind1="0" ind2="0" tag="780"><subfield code="t">Irregular &amp; Mt. Washington Valley news</subfield><subfield code="w">(DLC)sn 79003338</subfield></datafield></record>